<record><leader>00000cas a22000007a 4500</leader><controlfield tag="001">11714946</controlfield><controlfield tag="008">850220c18579999nyuwr ne      0   a0eng d</controlfield><datafield ind1=" " ind2=" " tag="010"><subfield code="a">sn 85054422 </subfield></datafield><datafield ind1=" " ind2=" " tag="040"><subfield code="a">NYG</subfield><subfield code="b">eng</subfield><subfield code="c">NYG</subfield><subfield code="d">NPX</subfield><subfield code="d">NYS</subfield><subfield code="d">NSD</subfield><subfield code="d">NYS</subfield><subfield code="d">OCL</subfield><subfield code="d">OCLCQ</subfield><subfield code="d">OCLCO</subfield></datafield><datafield ind1=" " ind2=" " tag="012"><subfield code="m">1</subfield></datafield><datafield ind1="1" ind2=" " tag="022"><subfield code="a">1063-8075</subfield><subfield code="l">1063-8075</subfield><subfield code="2">1</subfield></datafield><datafield ind1=" " ind2=" " tag="032"><subfield code="a">686180</subfield><subfield code="b">USPS</subfield></datafield><datafield ind1=" " ind2=" " tag="042"><subfield code="a">msc</subfield><subfield code="a">nsdp</subfield></datafield><datafield ind1=" " ind2=" " tag="043"><subfield code="a">n-us-ny</subfield></datafield><datafield ind1=" " ind2="4" tag="222"><subfield code="a">The Windham journal</subfield></datafield><datafield ind1="0" ind2="4" tag="245"><subfield code="a">The Windham journal.</subfield></datafield><datafield ind1=" " ind2=" " tag="260"><subfield code="a">Windham, N.Y. :</subfield><subfield code="b">W.R. Steele,</subfield><subfield code="c">1857-</subfield></datafield><datafield ind1=" " ind2=" " tag="300"><subfield code="a">v. ;</subfield><subfield code="c">48-60 cm.</subfield></datafield><datafield ind1=" " ind2=" " tag="310"><subfield code="a">Weekly</subfield></datafield><datafield ind1="0" ind2=" " tag="362"><subfield code="a">Vol. 1, no. (Mar. 21, 1857)-</subfield></datafield><datafield ind1=" " ind2=" " tag="500"><subfield code="a">Editors: W.R. Steele, 1857- ; Edward M. Cole, &lt;1876&gt;; J.E. Hitchcock, &lt;1876&gt;.</subfield></datafield><datafield ind1=" " ind2=" " tag="500"><subfield code="a">Publishers: W.R. Steele, 1857- ; Keeler M. Cole, &lt;1864&gt;; Fish &amp; Peck, &lt;1865&gt;; Cole &amp; Hitchcock, &lt;1876&gt;; Edward M. Cole &lt;1890-1909&gt;; Catskill Mountain Pub. Corp., &lt;1992&gt;.</subfield></datafield><datafield ind1=" " ind2=" " tag="500"><subfield code="a">Published in: Windham Centre, Greene County, N.Y., Apr. 2, 1857- ; and in: Windham, N.Y., &lt;1864&gt;; and in: Windham Centre, N.Y., &lt;1865&gt;; and in: Windham, N.Y., &lt;1992&gt;.</subfield></datafield><datafield ind1=" " ind2=" " tag="500"><subfield code="a">Published on Thursday.</subfield></datafield><datafield ind1=" " ind2=" " tag="500"><subfield code="a">"Democratic," &lt;1876&gt;.</subfield></datafield><datafield ind1=" " ind2=" " tag="588"><subfield code="a">Latest issue consulted: 137th year, no. 23 (June 4, 1992).</subfield></datafield><datafield ind1=" " ind2="0" tag="651"><subfield code="a">Windham (N.Y.)</subfield><subfield code="v">Newspapers.</subfield></datafield><datafield ind1=" " ind2="0" tag="651"><subfield code="a">Windham Centre (N.Y.)</subfield><subfield code="v">Newspapers.</subfield></datafield><datafield ind1=" " ind2="0" tag="651"><subfield code="a">Windham (N.Y. : Town)</subfield><subfield code="v">Newspapers.</subfield></datafield><datafield ind1=" " ind2=" " tag="752"><subfield code="a">United States</subfield><subfield code="b">New York</subfield><subfield code="c">Greene</subfield><subfield code="d">Windham.</subfield></datafield><datafield ind1=" " ind2=" " tag="752"><subfield code="a">United States</subfield><subfield code="b">New York</subfield><subfield code="c">Greene</subfield><subfield code="d">Windham Centre.</subfield></datafield></record>